<record xmlns="http://www.loc.gov/MARC21/slim" xmlns:xsi="http://www.w3.org/2001/XMLSchema-instance" xsi:schemaLocation="http://www.loc.gov/MARC21/slim http://www.loc.gov/standards/marcxml/schema/MARC21slim.xsd">

  <leader>00855nam a2200217Ia 4500</leader>
  <datafield ind2=" " tag="999" ind1=" ">
    <subfield code="c">1297</subfield>
    <subfield code="d">1297</subfield>
  </datafield>
  <controlfield tag="008">170125b1999    cr ||||| |||| 00| | spa d</controlfield>
  <datafield ind2=" " ind1=" " tag="020">
    <subfield code="a">9968786144</subfield>
  </datafield>
  <datafield tag="090" ind1=" " ind2=" ">
    <subfield code="a">04.02.03 </subfield>
    <subfield code="b">2000</subfield>
  </datafield>
  <datafield tag="100" ind1="1" ind2=" ">
    <subfield code="a">Alfaro Quesada, Cecilia</subfield>
    <subfield code="9">2301</subfield>
  </datafield>
  <datafield ind2=" " tag="245" ind1=" ">
    <subfield code="a">Si lo organizamos lo logramos: planificación de proyectos desde la equidad / </subfield>
    <subfield code="c">Cecilia Alfaro Quesada con la colaboración de Blanca Mendoza de Sánchez y la REDNA de Guatemala</subfield>
  </datafield>
  <datafield ind1=" " tag="260" ind2=" ">
    <subfield code="a">San José, Costa Rica : </subfield>
    <subfield code="b">Unión Mundial para la Naturaleza, </subfield>
    <subfield code="c">1999</subfield>
  </datafield>
  <datafield tag="300" ind1=" " ind2=" ">
    <subfield code="a">52 páginas</subfield>
  </datafield>
  <datafield ind2=" " tag="490" ind1=" ">
    <subfield code="a">Serie hacia la equidad no.3</subfield>
  </datafield>
  <datafield tag="650" ind1="1" ind2="4">
    <subfield code="a"> IGUALDAD DE OPORTUNIDADES</subfield>
    <subfield code="9">952</subfield>
  </datafield>
  <datafield ind2="4" tag="650" ind1="1">
    <subfield code="a">PARTICIPACIÓN DE LA MUJER</subfield>
    <subfield code="9">716</subfield>
  </datafield>
  <datafield tag="650" ind1="1" ind2="4">
    <subfield code="a">PLANIFICACION</subfield>
    <subfield code="9">2302</subfield>
  </datafield>
  <datafield ind2="4" ind1="1" tag="650">
    <subfield code="a">PARTICIPACIÓN COMUNITARIA</subfield>
    <subfield code="9">2303</subfield>
  </datafield>
  <datafield ind1="1" tag="700" ind2=" ">
    <subfield code="a">Mendoza de Sánchez, Blanca</subfield>
    <subfield code="9">2305</subfield>
  </datafield>
  <datafield tag="710" ind1="2" ind2=" ">
    <subfield code="9">2306</subfield>
    <subfield code="a">REDNA DE GUATEMALA</subfield>
  </datafield>
  <datafield ind1=" " tag="942" ind2=" ">
    <subfield code="2">z</subfield>
    <subfield code="c">01</subfield>
  </datafield>
</record>